<?xml version="1.0" encoding="UTF-8"?><collection xmlns="http://www.loc.gov/MARC21/slim"><record><leader>00685nam--2200193-i-4500</leader><controlfield tag="001">000037566</controlfield><controlfield tag="002">20161230</controlfield><controlfield tag="005">20161230201041</controlfield><controlfield tag="008">060222s1000------------r-----000-0-eng-d</controlfield><datafield ind1=" " ind2=" " tag="040"><subfield code="a">IFIN-HH</subfield></datafield><datafield ind1=" " ind2=" " tag="080"><subfield code="a">535(082.1)</subfield></datafield><datafield ind1="1" ind2=" " tag="100"><subfield code="a">Wolf, Emil</subfield></datafield><datafield ind1="1" ind2="0" tag="245"><subfield code="a">PROGRESS IN OPTICS. Vol. XIII</subfield><subfield code="c">EMIL WOLF (Ed.) H.P. BALTES, L. MANDEL, W.M. ROSENBLUM, J.L. CHRISTENSEN, G. SCHULZ, J. SCHWIDER, M.S. SODHA, A.K. GHATAK, V.K. TRIPATHI, W.T. WELFORD (CONTRIBUTORS)</subfield></datafield><datafield ind1=" " ind2=" " tag="260"><subfield code="a">Amsterdam</subfield><subfield code="b">North-holland Publishing Company</subfield></datafield><datafield ind1="1" ind2=" " tag="700"><subfield code="a">Welford, W.T</subfield><subfield code="e">Contributor</subfield></datafield><datafield ind1=" " ind2=" " tag="700"><subfield code="a">Schulz, G</subfield><subfield code="e">Contributor</subfield></datafield><datafield ind1=" " ind2=" " tag="787"><subfield code="a">Vol. XIII</subfield><subfield code="d">1976</subfield><subfield code="h">306 p</subfield></datafield><datafield ind1=" " ind2=" " tag="852"><subfield code="a">16567</subfield><subfield code="c">535</subfield></datafield><datafield ind1=" " ind2=" " tag="CAT"><subfield code="a">Sys</subfield><subfield code="c">20101021</subfield><subfield code="h">111242</subfield></datafield></record></collection>